%A Google Scholar találatok közül BibTeX formátumba mentve azonnal az irodalomjegyzékbe illeszthető a forrás, utána hivatkozható a dolgozat szöveges részeiben
% https://scholar.google.com/
% címszavas keresés után
% a találati listában minden elem alatt
%megtalálható Hivatkozás menü, arra kattintva a felajánlott formátumok közül
% a BiBteX formátumot kell kiválasztani
% a megnyíló böngészőablakból jelölje ki, majd másolja ki a vágólapra
%ide illessze be a vágólapról a tartalmat

@inproceedings{detection01,
  title={Learning deep architectures for AI},
  author={Bengio, Yoshua},
  year={2009},
  publisher={Now Publishers Inc}
}

@inproceedings{detection02,
  title={Neurális hálózatok},
  author={Altrichter, Márta and Horváth, Gábor and Pataki, Béla and Strausz, György and Takács, Gábor and Valyon, József},
  publisher={Panem},
  year={2006}
}


@misc{detection16,
  author = {Author},
  title = {Broadcasting, URL: https://www.tensorflow.org/xla/broadcasting},
  url = { https://www.tensorflow.org/xla/broadcasting},
  year = {2022},
  note = {(Utoljára látogatva 2022. 03. 25.)}
  
}




@article{tensor,
  title={Deep Learning - Scalars Vectors Matrices and Tensors},
  author={Hadrienj},
  journal={https://hadrienj.github.io/posts/Deep-Learning-Book-Series-2.1-Scalars-Vectors-Matrices-and-Tensors/ (Megtekintve: 2021. november 9.)},
  year={2018}
}



